%%%% Guide til bibtex og litteratur.bib %%%%

% Alle kilder angives efter Harvard-metoden og vil i rapporten fremstaa med [FORFATTER, AAR] eller mere praecist [EFTERNAVN, AAR].

% Nederst findes eksempler paa kildeangivelser af typerne book, article, manual techreport og misc.
	% - Book bruges ved helt almindelige boeger
	% - Article bruges ved artikler og udgivelser
	% - Manual bruges ved henvisninger fra internettet, idet \url-funktionen findes her
	% - Techreport kan bruges ved mindre udgivelser, hvor kun titel, forfatter og aar er noedvendig eller tilgaengelig
	% - Misc kan bruges ved det, der falder udenfor de andre kategorier - interview, forelaesninger, foredrag osv. 

% Hvis der er flere forfattere paa en kilde, SKAL de listes med 'and' imellem dem - ogsaa ved 3 og derover (f.eks. FORFATTER 1 and FORFATTER 2 and FORFATTER 3). Naar kildelisten bygges i rapporten, vil der ved 2 forfattere komme til at staa [EFTERNAVN 1 og EFTERNAVN 2, AAR] og ved 3 forfattere og derover komme til at staa [EFTERNAVN 1 et. al, AAR]. 

% Ved almindelige forfatternavne skal der vaere ét saet tuborg-parenteser ved Author (f.eks. author = {H. C. Andersen}). Ved andre navne (f.eks. virksomheder, hjemmesider, grupper, raad, naevn osv.) skal der vaere 2 saet tuborg-parenteser ved Author (f.eks. author = {{Dansk Standard}}). Begrundelse: Med 2 saet tuborg-parenteser skrives hele parentesen ud som forfatter, [Dansk Standard, AAR]. Alternativt ville der i eksemplet bare komme til at staa [Standard, AAR].

%-----------------------------------------------------%

%%%% EKSEMPLER (book, article, manual, techreport og misc) %%%%

@book{fysikbog,
	title = {Physics for Scientists and Engineers, 7th edition},
	author = {John W. Jewett and Raymond A. Serway},
	year = {2008},
	number = {ISBN: 0-495-11240-2},
	series = {Paperback},
	publisher = {Thomson Learning}
}

@article{maalere,
	author = {Lars Gullev and Michael Poulsen},
	title = {The installation of meters leads to permanent changes in consumer behaviour},
	journal = {News from DBDH},
	volume = {Journal 3/2006},
	pages = {s. 20-24},
	year = {2006}
}

@manual{renostra,
	author ={{Klima-, Energi- og Bygningsministeriet}},
	title ={Strategi for energirenovering af bygninger},
	address={\url{http://www.ens.dk/info/publikationer/strategi-energirenovering-bygninger}},
	year ={2014},
	note ={Downloadet: 23-02-2015}
}

@techreport{rcf,
	author = {Bent Flyvbjerg},	
	title = {Reference class forecasting: Ide, metode og anvendelse},
	year = {2007}
}

@manual{rc,
	author = {Mathew A. Nelson},
	address = {\url{http://robocode.sourceforge.net}},
	title = {Robocode},
	year = {2015},
	note = {Accessed: 03/03-2016}
}

@manual{Robocode,
	author = {{RoboWiki}},
	address = {\url{http://robowiki.net/wiki/Robocode}},
	title = {Robocode},
	year = {2013},
	note = {Accessed: 03/03-2016}
}

@manual{Corners,
	author = {Mathew Nelson},
	address = {\url{http://robocode.sourcearchive.com/documentation/1.6.2/Corners_8java-source.html}},
	title = {Corners},
	year = {2008},
	note = {Accessed: 07/04-2016}
}

@manual{RoboReadMe,
	author = {Flemming N. Larsen},
	address = {\url{http://robocode.sourceforge.net/docs/ReadMe.html}},
	title = {ReadMe for Robocode},
	year = {2013},
	note = {Accessed: 03/03-2016}
}

@book{Sebesta,
	title = {Concepts of Programming Languages},
	author = {Robert W. Sebesta},
	year = {2009},
	number = {ISBN 978-0-13-139531-2},
	publisher = {Pearson}
}

@misc{cd,
	author ={Bilags-CD},
	title ={CD med bilag tilhørende B131}	
}
